<?xml version="1.0" encoding="UTF-8"?><collection xmlns="http://www.loc.gov/MARC21/slim"><record><leader>00352nam--2200145-i-4500</leader><controlfield tag="001">000036734</controlfield><controlfield tag="002">20161230</controlfield><controlfield tag="005">20170111231121</controlfield><controlfield tag="008">060222s1000------------r-----000-0-eng-d</controlfield><datafield ind1=" " ind2=" " tag="245"><subfield code="a">Plutonium 1960</subfield></datafield><datafield ind1=" " ind2=" " tag="260"><subfield code="a">London</subfield><subfield code="b">Cleaver-Hume Press Ltd</subfield><subfield code="c">1961</subfield></datafield><datafield ind1=" " ind2=" " tag="300"><subfield code="a">XVII + 804 p</subfield></datafield><datafield ind1=" " ind2=" " tag="700"><subfield code="a">Lord, W. B. H</subfield></datafield><datafield ind1=" " ind2=" " tag="852"><subfield code="a">17040</subfield></datafield><datafield ind1=" " ind2=" " tag="CAT"><subfield code="a">SYS</subfield><subfield code="c">20170111</subfield><subfield code="h">231121</subfield></datafield></record></collection>